% This file was created with JabRef 2.7.
% Encoding: ISO8859_1

@BOOK{AmaNag00,
  title = {Methods of Information Geometry},
  publisher = {Oxford University Press},
  year = {2000},
  author = {S.-I. Amari and H. Nagaoka},
  address = {Rhode Island}
}

@BOOK{CovTho06,
  title = {Elements of Information Theory},
  publisher = {John Wiley \& Sons},
  year = {2006},
  author = {T. M. Cover and J. A. Thomas},
  address = {Hoboken, New Jersey},
  edition = {2nd}
}

@BOOK{Fel71,
  title = {An Introduction to Probability Theory and Its Applications},
  publisher = {John Wiley \& Sons, Inc},
  year = {1971},
  author = {W. Feller},
  volume = {2},
  address = {New-York}
}

@BOOK{JohKot97,
  title = {Discrete Multivariate Distributions},
  publisher = {John Wiley \& Sons},
  year = {1997},
  author = {N. L. Johnson and S. Kotz and N. Balakrishnan},
  address = {New-York}
}

@BOOK{JohKot95:v2,
  title = {Continuous Univariate Distributions},
  publisher = {John Wiley \& Sons},
  year = {1995},
  author = {N. L. Johnson and S. Kotz and N. Balakrishnan},
  volume = {2},
  address = {New-York},
  edition = {2nd}
}

@BOOK{JohKot92,
  title = {Univariate Discrete Distributions},
  publisher = {John Wiley \& Sons},
  year = {1992},
  author = {N. L. Johnson and S. Kotz and A. W. Kemp},
  address = {New-York},
  edition = {2nd}
}

@BOOK{KotBal00,
  title = {Continuous Multivariate Distributions},
  publisher = {John Wiley \& Sons},
  year = {2000},
  author = {S. Kotz and N. Balakrishnan and N. L. Johnson},
  volume = {1: Models and Applications},
  address = {New-York},
  edition = {2nd}
}

@comment{jabref-meta: selector_review:}

@comment{jabref-meta: selector_publisher:}

@comment{jabref-meta: selector_author:}

@comment{jabref-meta: selector_journal:}

@comment{jabref-meta: selector_keywords:}

